@report{toddlitman2017,
  title = {Evaluating {{Public Transit Benefits}} and {{Costs}}: {{Best Practices Guidebook}}},
  author = {{Todd Litman}},
  date = {2017-07-18},
  institution = {{Victoria Transport Policy Institute}},
  annotation = {00000},
  file = {E\:\\OneDrive - DePaul University\\LITERATURE\\Zotero\\storage\\74DQXDZ3\\tranben.pdf}
}

@report{litman2009,
  title = {Transportation {{Cost}} and {{Benefit Analysis Techniques}}, {{Estimates}} and {{Implications}}},
  shorttitle = {Transportation Cost and Benefit Analysis},
  author = {Litman, Todd},
  date = {2009},
  institution = {{Victoria Transport Policy Institute}},
  url = {https://www.vtpi.org/tca/},
  urldate = {2015-01-30}
}

@report{toddlitman2019,
  title = {Transportation {{Cost}} and {{Benefit Analysis}}–{{Parking Costs}}},
  author = {{Todd Litman}},
  date = {2019},
  url = {http://www.vtpi.org/tca/tca0504.pdf},
  urldate = {2019-05-17},
  file = {E\:\\OneDrive - DePaul University\\LITERATURE\\Zotero\\storage\\LT5Q8QMW\\Todd Litman - 2019 - Transportation Cost and Benefit AnalysisII–Parking.pdf}
}

@report{litman2014,
  title = {Evaluating {{Transportation Equity}}: {{Guidance For Incorporating Distributional Impacts}} in {{Transportation Planning}}},
  author = {Litman, Todd},
  date = {2014-07-11},
  institution = {{Victoria Transport Policy Institute}},
  url = {http://www.google.com/url?sa=t&rct=j&q=&esrc=s&source=web&cd=1&cad=rja&uact=8&ved=0CCMQFjAA&url=http%3A%2F%2Fwww.vtpi.org%2Fequity.pdf&ei=87uEVMGxMsqryASkuYCYBw&usg=AFQjCNFx1nVyeUkgaDYd6Kh7rJ3iSZCwVg&sig2=ROgDPdsXG7TxvqrCvWGdmw&bvm=bv.80642063,d.aWw},
  file = {E\:\\OneDrive - DePaul University\\LITERATURE\\Zotero\\storage\\I698EKPY\\Litman - 2014 - Evaluating Transportation Equity Guidance For Inc.pdf}
}

@report{litman2015,
  title = {Evaluating {{Active Transport Benefits}} and {{Costs Guide}} to {{Valuing Walking}} and {{Cycling Improvements}} and {{Encouragement Programs}}},
  author = {Litman, Todd},
  date = {2015-08-24},
  institution = {{Victoria Transport Policy Institute}},
  file = {E\:\\OneDrive - DePaul University\\LITERATURE\\Zotero\\storage\\WETQQUSP\\view.html}
}

